<?xml version="1.0" encoding="UTF-8"?>
<collection xmlns:xsi="http://www.w3.org/2001/XMLSchema-instance" xsi:schemaLocation="http://www.loc.gov/MARC21/slim http://www.loc.gov/standards/marcxml/schema/MARC21slim.xsd" xmlns="http://www.loc.gov/MARC21/slim">
<record>
  <leader>00769cam a22002171  4500</leader>
  <controlfield tag="001">2750722</controlfield>
  <controlfield tag="003">NNC</controlfield>
  <controlfield tag="005">20100224213450.0</controlfield>
  <controlfield tag="008">001108m19491954ua a          000 0 ara d</controlfield>
  <datafield tag="035" ind1=" " ind2=" ">
    <subfield code="a">(OCoLC)60498760</subfield>
  </datafield>
  <datafield tag="035" ind1=" " ind2=" ">
    <subfield code="a">(OCoLC)ocm60498760</subfield>
  </datafield>
  <datafield tag="035" ind1=" " ind2=" ">
    <subfield code="9">ARL5891CU</subfield>
  </datafield>
  <datafield tag="035" ind1=" " ind2=" ">
    <subfield code="a">(NNC)2750722</subfield>
  </datafield>
  <datafield tag="040" ind1=" " ind2=" ">
    <subfield code="a">ZCU</subfield>
    <subfield code="c">ZCU</subfield>
  </datafield>
  <datafield tag="099" ind1=" " ind2=" ">
    <subfield code="a">378.56</subfield>
    <subfield code="a">H95</subfield>
  </datafield>
  <datafield tag="100" ind1="1" ind2=" ">
    <subfield code="a">Ḥuṣrī, Abū Khaldūn Sāṭiʻ,</subfield>
    <subfield code="d">1881-1968.</subfield>
  </datafield>
  <datafield tag="245" ind1="1" ind2="0">
    <subfield code="a">Ḥawlīyat al-thaqāfah al-ʻArabīyah,</subfield>
    <subfield code="c">taʾlīf Abū Khaldūn Sāṭiʻ al-Ḥuṣrī.</subfield>
  </datafield>
  <datafield tag="260" ind1=" " ind2=" ">
    <subfield code="a">al-Qāhirah,</subfield>
    <subfield code="b">Maṭb. Lajnat al-taʾlīf wa-al-tarjamah wa-al-nashr,</subfield>
    <subfield code="c">1949-54.</subfield>
  </datafield>
  <datafield tag="300" ind1=" " ind2=" ">
    <subfield code="a">4 v.</subfield>
    <subfield code="b">diagrs., tables.</subfield>
  </datafield>
  <datafield tag="500" ind1=" " ind2=" ">
    <subfield code="a">At head of title: Jāmiʻat al-duwal al-ʻArabīyah. al-Idārah al-thaqāfīyah.</subfield>
  </datafield>
  <datafield tag="955" ind1=" " ind2=" ">
    <subfield code="b">CU09378243</subfield>
    <subfield code="d">off,glx</subfield>
    <subfield code="e">378.56 H95</subfield>
    <subfield code="v">v.2</subfield>
  </datafield>
</record>
</collection>